{
  "leader": "03507cas a2200709 a 4500",
  "fields": [
    {
      "001": "ocm01589240\\"
    },
    {
      "003": "OCoLC"
    },
    {
      "005": "20230126133744.0"
    },
    {
      "008": "750901d19131988ii\\mr\\p\\\\\\\\\\\\\\0\\\\\\a0eng\\c"
    },
    {
      "010": {
        "ind1": "\\",
        "ind2": "\\",
        "subfields": [
          {
            "a": "   51039631 "
          },
          {
            "z": "sn 83004864 "
          }
        ]
      }
    },
    {
      "040": {
        "ind1": "\\",
        "ind2": "\\",
        "subfields": [
          {
            "a": "MUL"
          },
          {
            "b": "eng"
          },
          {
            "c": "MUL"
          },
          {
            "d": "NSD"
          },
          {
            "d": "SER"
          },
          {
            "d": "RCS"
          },
          {
            "d": "NSD"
          },
          {
            "d": "AIP"
          },
          {
            "d": "DLC"
          },
          {
            "d": "CAS"
          },
          {
            "d": "NSD"
          },
          {
            "d": "NYG"
          },
          {
            "d": "AGL"
          },
          {
            "d": "HUL"
          },
          {
            "d": "NST"
          },
          {
            "d": "AGL"
          },
          {
            "d": "NST"
          },
          {
            "d": "NSD"
          },
          {
            "d": "EYM"
          },
          {
            "d": "OCLCQ"
          },
          {
            "d": "CUS"
          },
          {
            "d": "NLGGC"
          },
          {
            "d": "LVB"
          },
          {
            "d": "OCLCQ"
          },
          {
            "d": "OCLCF"
          },
          {
            "d": "KLH"
          },
          {
            "d": "OCLCO"
          },
          {
            "d": "WIC"
          },
          {
            "d": "EUW"
          },
          {
            "d": "OCLCO"
          },
          {
            "d": "CUS"
          },
          {
            "d": "OCLCQ"
          },
          {
            "d": "COF"
          },
          {
            "d": "LIP"
          },
          {
            "d": "XFH"
          },
          {
            "d": "RCE"
          },
          {
            "d": "NJR"
          },
          {
            "d": "OCLCA"
          },
          {
            "d": "OKS"
          },
          {
            "d": "BUF"
          },
          {
            "d": "CAI"
          },
          {
            "d": "ZAP"
          },
          {
            "d": "MRM"
          },
          {
            "d": "CRU"
          },
          {
            "d": "TORON"
          },
          {
            "d": "UKMGB"
          },
          {
            "d": "DCHUA"
          },
          {
            "d": "LGG"
          },
          {
            "d": "L2U"
          },
          {
            "d": "OCLCQ"
          },
          {
            "d": "OCLCO"
          }
        ]
      }
    },
    {
      "012": {
        "ind1": "\\",
        "ind2": "\\",
        "subfields": [
          {
            "a": "3"
          },
          {
            "b": "3"
          },
          {
            "e": "n"
          },
          {
            "i": "8608"
          }
        ]
      }
    },
    {
      "016": {
        "ind1": "7",
        "ind2": "\\",
        "subfields": [
          {
            "a": "I09680000"
          },
          {
            "2": "DNLM"
          }
        ]
      }
    },
    {
      "016": {
        "ind1": "7",
        "ind2": "\\",
        "subfields": [
          {
            "a": "008883039"
          },
          {
            "2": "Uk"
          }
        ]
      }
    },
    {
      "019": {
        "ind1": "\\",
        "ind2": "\\",
        "subfields": [
          {
            "a": "990614939"
          },
          {
            "a": "994348919"
          },
          {
            "a": "1011846091"
          },
          {
            "a": "1060548785"
          },
          {
            "a": "1062004773"
          },
          {
            "a": "1167238307"
          }
        ]
      }
    },
    {
      "022": {
        "ind1": "\\",
        "ind2": "\\",
        "subfields": [
          {
            "a": "0019-5340"
          },
          {
            "l": "0019-5340"
          },
          {
            "2": "0"
          }
        ]
      }
    },
    {
      "030": {
        "ind1": "\\",
        "ind2": "\\",
        "subfields": [
          {
            "a": "IJMRAQ"
          }
        ]
      }
    },
    {
      "035": {
        "ind1": "\\",
        "ind2": "\\",
        "subfields": [
          {
            "a": "(OCoLC)1589240"
          },
          {
            "z": "(OCoLC)990614939"
          },
          {
            "z": "(OCoLC)994348919"
          },
          {
            "z": "(OCoLC)1011846091"
          },
          {
            "z": "(OCoLC)1060548785"
          },
          {
            "z": "(OCoLC)1062004773"
          },
          {
            "z": "(OCoLC)1167238307"
          }
        ]
      }
    },
    {
      "042": {
        "ind1": "\\",
        "ind2": "\\",
        "subfields": [
          {
            "a": "nsdp"
          },
          {
            "a": "pcc"
          }
        ]
      }
    },
    {
      "050": {
        "ind1": "0",
        "ind2": "0",
        "subfields": [
          {
            "a": "R97"
          },
          {
            "b": ".I55"
          }
        ]
      }
    },
    {
      "060": {
        "ind1": "\\",
        "ind2": "0",
        "subfields": [
          {
            "a": "W1 IN214G"
          }
        ]
      }
    },
    {
      "070": {
        "ind1": "0",
        "ind2": "\\",
        "subfields": [
          {
            "a": "448.8"
          },
          {
            "b": "In22"
          }
        ]
      }
    },
    {
      "072": {
        "ind1": "\\",
        "ind2": "7",
        "subfields": [
          {
            "a": "X380"
          }
        ]
      }
    },
    {
      "082": {
        "ind1": "0",
        "ind2": "4",
        "subfields": [
          {
            "a": "610.72"
          },
          {
            "b": "IND"
          }
        ]
      }
    },
    {
      "210": {
        "ind1": "0",
        "ind2": "\\",
        "subfields": [
          {
            "a": "Indian j. med. res."
          }
        ]
      }
    },
    {
      "222": {
        "ind1": "\\",
        "ind2": "0",
        "subfields": [
          {
            "a": "Indian journal of medical research"
          }
        ]
      }
    },
    {
      "245": {
        "ind1": "0",
        "ind2": "4",
        "subfields": [
          {
            "a": "The Indian journal of medical research."
          }
        ]
      }
    },
    {
      "260": {
        "ind1": "\\",
        "ind2": "\\",
        "subfields": [
          {
            "a": "Calcutta :"
          },
          {
            "b": "Published for Indian Research Fund Association by Thacker, Spink & Co.,"
          },
          {
            "c": "1913-1988."
          }
        ]
      }
    },
    {
      "300": {
        "ind1": "\\",
        "ind2": "\\",
        "subfields": [
          {
            "a": "88 volumes :"
          },
          {
            "b": "illustrations, maps (some folded) ;"
          },
          {
            "c": "25 cm"
          }
        ]
      }
    },
    {
      "310": {
        "ind1": "\\",
        "ind2": "\\",
        "subfields": [
          {
            "a": "Monthly,"
          },
          {
            "b": "<Jan. 1976->"
          }
        ]
      }
    },
    {
      "321": {
        "ind1": "\\",
        "ind2": "\\",
        "subfields": [
          {
            "a": "Quarterly,"
          },
          {
            "b": "<1926>-1942, 1947-<50>"
          }
        ]
      }
    },
    {
      "321": {
        "ind1": "\\",
        "ind2": "\\",
        "subfields": [
          {
            "a": "Semiannual,"
          },
          {
            "b": "1943-1946"
          }
        ]
      }
    },
    {
      "336": {
        "ind1": "\\",
        "ind2": "\\",
        "subfields": [
          {
            "a": "text"
          },
          {
            "b": "txt"
          },
          {
            "2": "rdacontent"
          }
        ]
      }
    },
    {
      "337": {
        "ind1": "\\",
        "ind2": "\\",
        "subfields": [
          {
            "a": "unmediated"
          },
          {
            "b": "n"
          },
          {
            "2": "rdamedia"
          }
        ]
      }
    },
    {
      "338": {
        "ind1": "\\",
        "ind2": "\\",
        "subfields": [
          {
            "a": "volume"
          },
          {
            "b": "nc"
          },
          {
            "2": "rdacarrier"
          }
        ]
      }
    },
    {
      "362": {
        "ind1": "0",
        "ind2": "\\",
        "subfields": [
          {
            "a": "Vol. 1, no. 1 (July 1913)-v. 66, no. 6 (Dec. 1977); v. 67 (Jan. 1978)-v. 88 (Dec. 1988)."
          }
        ]
      }
    },
    {
      "500": {
        "ind1": "\\",
        "ind2": "\\",
        "subfields": [
          {
            "a": "Title from cover."
          }
        ]
      }
    },
    {
      "510": {
        "ind1": "2",
        "ind2": "\\",
        "subfields": [
          {
            "a": "Chemical abstracts"
          },
          {
            "x": "0009-2258"
          },
          {
            "b": "-1988"
          }
        ]
      }
    },
    {
      "515": {
        "ind1": "\\",
        "ind2": "\\",
        "subfields": [
          {
            "a": "Issues for Jan. 1978-Dec. 1988 have volume, month and year designation, but lack numbers."
          }
        ]
      }
    },
    {
      "550": {
        "ind1": "\\",
        "ind2": "\\",
        "subfields": [
          {
            "a": "Volumes for 1913-Jan. 1950 issued by the Indian Research Fund Association; Feb. 1950-Dec. 1988 by the Indian Council of Medical Research."
          }
        ]
      }
    },
    {
      "580": {
        "ind1": "\\",
        "ind2": "\\",
        "subfields": [
          {
            "a": "Split into: Indian journal of medical research. Section A, Infectious diseases, and: Indian journal of medical research. Section B, Biomedical research other than infectious diseases."
          }
        ]
      }
    },
    {
      "650": {
        "ind1": "\\",
        "ind2": "0",
        "subfields": [
          {
            "a": "Medicine"
          },
          {
            "v": "Periodicals."
          }
        ]
      }
    },
    {
      "650": {
        "ind1": "\\",
        "ind2": "0",
        "subfields": [
          {
            "a": "Medicine"
          },
          {
            "x": "Research"
          },
          {
            "v": "Periodicals."
          }
        ]
      }
    },
    {
      "650": {
        "ind1": "\\",
        "ind2": "2",
        "subfields": [
          {
            "a": "Medicine"
          }
        ]
      }
    },
    {
      "650": {
        "ind1": "\\",
        "ind2": "2",
        "subfields": [
          {
            "a": "Research"
          }
        ]
      }
    },
    {
      "650": {
        "ind1": "\\",
        "ind2": "7",
        "subfields": [
          {
            "a": "Medicine."
          },
          {
            "2": "fast"
          },
          {
            "0": "(OCoLC)fst01014893"
          }
        ]
      }
    },
    {
      "650": {
        "ind1": "\\",
        "ind2": "7",
        "subfields": [
          {
            "a": "Medicine"
          },
          {
            "x": "Research."
          },
          {
            "2": "fast"
          },
          {
            "0": "(OCoLC)fst01015059"
          }
        ]
      }
    },
    {
      "655": {
        "ind1": "\\",
        "ind2": "2",
        "subfields": [
          {
            "a": "Periodical"
          }
        ]
      }
    },
    {
      "655": {
        "ind1": "\\",
        "ind2": "7",
        "subfields": [
          {
            "a": "Periodicals."
          },
          {
            "2": "fast"
          },
          {
            "0": "(OCoLC)fst01411641"
          }
        ]
      }
    },
    {
      "655": {
        "ind1": "\\",
        "ind2": "7",
        "subfields": [
          {
            "a": "Periodicals."
          },
          {
            "2": "lcgft"
          }
        ]
      }
    },
    {
      "710": {
        "ind1": "2",
        "ind2": "\\",
        "subfields": [
          {
            "a": "Indian Research Fund Association."
          }
        ]
      }
    },
    {
      "710": {
        "ind1": "2",
        "ind2": "\\",
        "subfields": [
          {
            "a": "Indian Council of Medical Research."
          }
        ]
      }
    },
    {
      "776": {
        "ind1": "0",
        "ind2": "8",
        "subfields": [
          {
            "i": "Online version:"
          },
          {
            "t": "Indian journal of medical research"
          },
          {
            "w": "(OCoLC)590071988"
          }
        ]
      }
    },
    {
      "776": {
        "ind1": "0",
        "ind2": "8",
        "subfields": [
          {
            "i": "Online version:"
          },
          {
            "t": "Indian journal of medical research"
          },
          {
            "w": "(OCoLC)613725067"
          }
        ]
      }
    },
    {
      "780": {
        "ind1": "0",
        "ind2": "0",
        "subfields": [
          {
            "t": "Paludism"
          },
          {
            "w": "(OCoLC)1713527"
          }
        ]
      }
    },
    {
      "785": {
        "ind1": "1",
        "ind2": "6",
        "subfields": [
          {
            "t": "Indian journal of medical research. Section A, Infectious diseases"
          },
          {
            "x": "0970-955X"
          },
          {
            "w": "(DLC)sn 90033518"
          },
          {
            "w": "(OCoLC)21248308"
          }
        ]
      }
    },
    {
      "785": {
        "ind1": "1",
        "ind2": "6",
        "subfields": [
          {
            "t": "Indian journal of medical research. Section B, Biomedical research other than infectious diseases"
          },
          {
            "x": "0970-9568"
          },
          {
            "w": "(DLC)sn 90033519"
          },
          {
            "w": "(OCoLC)21248314"
          }
        ]
      }
    },
    {
      "850": {
        "ind1": "\\",
        "ind2": "\\",
        "subfields": [
          {
            "a": "CU-AM"
          },
          {
            "a": "CaMWM"
          },
          {
            "a": "DLC"
          },
          {
            "a": "DNAL"
          },
          {
            "a": "MBCo"
          },
          {
            "a": "MiU"
          },
          {
            "a": "N"
          },
          {
            "a": "NjR"
          },
          {
            "a": "ViBlbV"
          }
        ]
      }
    },
    {
      "856": {
        "ind1": "4",
        "ind2": "1",
        "subfields": [
          {
            "3": "1913-1988"
          },
          {
            "u": "http://bibpurl.oclc.org/web/76092"
          },
          {
            "u": "http://ijmr.in/Archive.aspx"
          }
        ]
      }
    },
    {
      "994": {
        "ind1": "\\",
        "ind2": "\\",
        "subfields": [
          {
            "a": "Z0"
          },
          {
            "b": "NYRVC"
          }
        ]
      }
    },
    {
      "948": {
        "ind1": "\\",
        "ind2": "\\",
        "subfields": [
          {
            "h": "NO HOLDINGS IN NYRVC - 159 OTHER HOLDINGS"
          }
        ]
      }
    },
    {
      "999": {
        "ind1": "\\",
        "ind2": "\\",
        "subfields": [
          {
            "a": "00000000012590"
          },
          {
            "v": "v. 13"
          }
        ]
      }
    }
  ]
}